@article{costello2005best,
  title={Best practices in exploratory factor analysis: Four recommendations for getting the most from your analysis},
  author={Costello, Anna B and Osborne, Jason},
  journal={Practical Assessment, Research, and Evaluation},
  volume={10},
  number={1},
  pages={7},
  year={2005}
}

@misc{britannicaConstructPsychology,
	author = {},
	title = {construct -- psychology},
	howpublished = {\url{https://www.britannica.com/science/construct}},
	year = {},
	note = {[Accessed 01-Oct-2022]},
}

@book{kline2015principles,
  title={Principles and Practice of Structural Equation Modeling, Fourth Edition},
  author={Kline, R.B.},
  isbn={9781462523344},
  lccn={2015027185},
  series={Methodology in the Social Sciences},
  year={2015},
  publisher={Guilford Publications}
}

@article{bacharach1989organizational,
  title={Organizational theories: Some criteria for evaluation},
  author={Bacharach, Samuel B},
  journal={Academy of management review},
  volume={14},
  number={4},
  pages={496--515},
  year={1989},
  publisher={Academy of Management Briarcliff Manor, NY 10510}
}

@book{wohlin2012experimentation,
  title={Experimentation in Software Engineering},
  author={Wohlin, C. and Runeson, P. and H{\"o}st, M. and Ohlsson, M.C. and Regnell, B. and Wessl{\'e}n, A.},
  isbn={9783642290442},
  series={Computer Science},
  year={2012},
  publisher={Springer Berlin Heidelberg}
}

@book{juristo2013basics,
  title={Basics of Software Engineering Experimentation},
  author={Juristo, N. and Moreno, A.M.},
  isbn={9781475733044},
  lccn={00050689},
  year={2013},
  publisher={Springer US}
}

@book{watkins2020step,
  title={A Step-by-Step Guide to Exploratory Factor Analysis with R and RStudio},
  author={Watkins, M.W.},
  isbn={9781000336825},
  lccn={2020038117},
  year={2020},
  publisher={Taylor \& Francis}
}

@article{kaiser1974little,
  title={Little jiffy, mark IV},
  author={Kaiser, Henry F and Rice, John},
  journal={Educational and psychological measurement},
  volume={34},
  number={1},
  pages={111--117},
  year={1974},
  publisher={Sage Publications Sage CA: Thousand Oaks, CA}
}

@Manual{psych,
    title = {psych: Procedures for Psychological, Psychometric, and Personality Research},
    author = {William Revelle},
    organization = { Northwestern University},
    address = { Evanston, Illinois},
    year = {2022},
    note = {R package version 2.2.9},
    url = {https://CRAN.R-project.org/package=psych},
  }
  
  @article{horn1965rationale,
  title={A rationale and test for the number of factors in factor analysis},
  author={Horn, John L},
  journal={Psychometrika},
  volume={30},
  number={2},
  pages={179--185},
  year={1965},
  publisher={Springer}
}

@inproceedings{aranda2014evidence,
  title={Evidence of the presence of bias in subjective metrics: Analysis within a family of experiments},
  author={Aranda, Alejandrina and Dieste, Oscar and Juristo, Natalia},
  booktitle={Proceedings of the 18th International Conference on Evaluation and Assessment in Software Engineering},
  pages={1--4},
  year={2014}
}

@article{daun2021reliability,
  title={Reliability of self-rated experience and confidence as predictors for studentsâ€™ performance in software engineering},
  author={Daun, Marian and Brings, Jennifer and Obe, Patricia Aluko and Stenkova, Viktoria},
  journal={Empirical Software Engineering},
  volume={26},
  number={4},
  pages={1--41},
  year={2021},
  publisher={Springer}
}

@article{siegmund2014measuring,
  title={Measuring and modeling programming experience},
  author={Siegmund, Janet and K{\"a}stner, Christian and Liebig, J{\"o}rg and Apel, Sven and Hanenberg, Stefan},
  journal={Empirical Software Engineering},
  volume={19},
  number={5},
  pages={1299--1334},
  year={2014},
  publisher={Springer}
}

@inproceedings{barcomb2019episodic,
  title={Why do episodic volunteers stay in FLOSS communities?},
  author={Barcomb, Ann and Stol, Klaas-Jan and Riehle, Dirk and Fitzgerald, Brian},
  booktitle={2019 IEEE/ACM 41st International Conference on Software Engineering (ICSE)},
  pages={948--959},
  year={2019},
  organization={IEEE}
}

@Manual{R,
  title = {R: Language and Environment for Statistical Computing},
  author = {{R Core Team}},
  organization = {R Foundation for Statistical Computing},
  address = {Vienna, Austria},
  year = {2022},
  url = {https://www.R-project.org/},
}

@inproceedings{dieste2018empirical,
  title={Empirical evaluation of the effects of experience on code quality and programmer productivity: an exploratory study},
  author={Dieste, Oscar and Aranda, Alejandrina and Uyaguari, Fernando and Turhan, Burak and Tosun, Ayse and Fucci, Davide and Oivo, Markku and Juristo, Natalia},
  booktitle={Proceedings of the 2018 International Conference on Software and System Process},
  pages={111--112},
  year={2018}
}

@inproceedings{juristo2016experiences,
  title={Experiences conducting experiments in industry: the eseil fidipro project},
  author={Juristo, Natalia},
  booktitle={Proceedings of the 4th International Workshop on Conducting Empirical Studies in Industry},
  pages={1--3},
  year={2016}
}

@article{fucci2015towards,
  title={Towards an operationalization of test-driven development skills: An industrial empirical study},
  author={Fucci, Davide and Turhan, Burak and Juristo, Natalia and Dieste, Oscar and Tosun-Misirli, Ayse and Oivo, Markku},
  journal={Information and Software Technology},
  volume={68},
  pages={82--97},
  year={2015},
  publisher={Elsevier}
}

@inproceedings{dieste2017professionals,
  title={Professionals are not superman: Failures beyond motivation in software experiments},
  author={Dieste, Oscar and Raura, Geovanny and Rodr{\'\i}guez, Priscila and others},
  booktitle={2017 IEEE/ACM 5th International Workshop on Conducting Empirical Studies in Industry (CESI)},
  pages={27--32},
  year={2017},
  organization={IEEE}
}

@article{ericsson1994expert,
  title={Expert performance: Its structure and acquisition.},
  author={Ericsson, K Anders and Charness, Neil},
  journal={American psychologist},
  volume={49},
  number={8},
  pages={725},
  year={1994},
  publisher={American Psychological Association}
}

@article{mcdaniel1988job,
  title={Job experience correlates of job performance.},
  author={McDaniel, Michael A and Schmidt, Frank L and Hunter, John E},
  journal={Journal of applied psychology},
  volume={73},
  number={2},
  pages={327},
  year={1988},
  publisher={American Psychological Association}
}

@article{camerer1991process,
  title={The process-performance paradox in expert judgment-How can experts know so much and predict so badly?},
  author={Camerer, Colin F and Johnson, Eric J},
  year={1991},
  publisher={Cambridge University Press}
}

@inproceedings{muller2004empirical,
  title={An empirical study about the feelgood factor in pair programming},
  author={Muller, Matthias M and Padberg, Frank},
  booktitle={10th International Symposium on Software Metrics, 2004. Proceedings.},
  pages={151--158},
  year={2004},
  organization={IEEE}
}

@article{sheppard1979modern,
  title={Modern coding practices and programmer performance},
  author={Sheppard, Sylvia B and Curtis, Bill and Milliman, Phil and Love, Tom},
  journal={Computer},
  volume={12},
  number={12},
  pages={41--49},
  year={1979},
  publisher={IEEE Computer Society}
}

@article{sonnentag1995excellent,
  title={Excellent software professionals: Experience, work activities, and perception by peers},
  author={Sonnentag, Sabine},
  journal={Behaviour \& Information Technology},
  volume={14},
  number={5},
  pages={289--299},
  year={1995},
  publisher={Taylor \& Francis}
}

@article{marakas1998semantic,
  title={Semantic structuring in analyst acquisition and representation of facts in requirements analysis},
  author={Marakas, George M and Elam, Joyce J},
  journal={Information Systems Research},
  volume={9},
  number={1},
  pages={37--63},
  year={1998},
  publisher={INFORMS}
}